@mastersthesis{JOLISSAINT_master,
  author = {L.Jolissaint},
  school = {Geneva: 2001},
  title  = {Optique adaptative au foyer d'un télescope de la classe 1 mètre},
  year   = {2001}
}

@online{IRSOL_research,
  author   = {IRSOL},
  title    = {RESEARCH ACTIVITY: Research Activity at IRSOL},
  url      = {https://www.irsol.usi.ch/research/research-activity/},
  addendum = {(accessed: 24.07.2023)},
  keywords = {IRSOL}
}

@article{dimm,
  author  = {Sarazin, M., & Roddier, F.},
  title   = {The ESO differential image motion monitor},
  year    = {1990},
  journal = {Astronomy and Astrophysics},
  volume  = {227(1)},
  pages   = {294--300}
}

% @online{Edmund_Lens,
%   author   = {Edmund optics},
%   title    = {VIS 0° Coated Achromatic Lenses f=50mm; D = 25mm},
%   url      = {https://www.edmundoptics.eu/p/25mm-dia-x-50mm-fl-vis-0deg-coated-achromatic-lens/7719/},
%   addendum = {(accessed: 06.07.2023)},
%   keywords = {Edmund Optics}
% }

% @online{Edmund_Prism,
%   author   = {Edmund optics},
%   title    = {1° Nom. 12.5mm Dia. VIS 0°, N-BK7 Wedge Prism},
%   url      = {https://www.edmundoptics.eu/p/1deg-nom-125mm-dia-vis-0deg-wedge-prism/33347/},
%   addendum = {(accessed: 06.07.2023)},
%   keywords = {Edmund Optics}
% }

% @online{Edmund_Camera,
%   author   = {Edmund optics},
%   title    = {Allied Vision Alvium 1800 U-052m, 1/1.7" 0.5MP C-Mount, USB 3.1 Monochrome Camera},
%   url      = {https://www.edmundoptics.eu/p/allied-vision-alvium-1800-u-052m-117-05mp-c-mount-usb-31-monochrome-camera/48246/},
%   addendum = {(accessed: 06.07.2023)},
%   keywords = {Edmund Optics}
% }

% @online{MAEDE_Filter,
%   author   = {MAEDE},
%   title    = {Filtre solaire 1375 ID 349 mm},
%   url      = {https://www.astroshop.de/fr/filtres-en-verre-montes/meade-filtre-solaire-1375-id-349-mm/p,59498},
%   addendum = {(accessed: 06.07.2023)},
%   keywords = {MAEDE}
% }
